34100000      081208143291000189                    08373 000000014383 6D S TECNOLOGIA COMERCIO E SERVITAU                                    10103202416470200000000000000                                                                     
34100011C3001040 208143291000189                    08373 000000014383 6D S TECNOLOGIA COMERCIO E SERV01                                      AV SANTOS DUMONT              03131218LJ219LJ220LJFORTALEZA           60150165CE                  
3410001300001A00000034101338 000000092846 6LARISSA PAIVA MOURA           001367              04032024REA000000000000000000000000053681                    00000000000000000000000                    00000000062622303351            0          
3410001300001D   022024001015         001367         APRENDIZ                                      00002000000000006205900000000000124100000000006205900000000000837800000000005368100000000000064200000000000557900000000006205900             
3410001300001E   1279-SALARIO APRENDIZ 20H           000000000062059                                                                                                                                                                            
3410001300001E   2310-INSS                           000000000004654323-VALE-TRANSPORTE                000000000003724                                                                                                                          
3410001300001F                                                                                                                                                                                                                                  
3410001300002A00000034101338 000000083514 1ISABELLE DOS SANTOS VIANA     001197              04032024REA000000000000000000000000165043                    00000000000000000000000                    00000000001898012393            0          
3410001300002D   022024001015         001197         ASSISTENTE ADMINISTRATIVO                     00004400000000018114000000000001449100000000018114000000000001609700000000016504300000000018114000000000012466000000000018114000             
3410001300002E   1011-SALARIO-BASE                   000000000181140                                                                                                                                                                            
3410001300002E   2310-INSS                           000000000014184977-DESCONTO VALE REFEICAO         000000000001913                                                                                                                          
3410001300002F                                                                                                                                                                                                                                  
34100015         000012000000000000218724000000000000000000                                                                                                                                                                                     
34199999         000001000014                                                                                                                                                                                                                   
