34100000      081208143291000189                    08373 000000014383 6D S TECNOLOGIA COMERCIO E SERVITAU                                    10103202416433700000000000000                                                                     
34100011C3001040 208143291000189                    08373 000000014383 6D S TECNOLOGIA COMERCIO E SERV01                                      AV SANTOS DUMONT              03131218LJ219LJ220LJFORTALEZA           60150165CE                  
3410001300001A00000034107412 000000054395 6JESSICA ALVES DOS SANTOS      001353              04032024REA000000000000000000000000137248                    00000000000000000000000                    00000000001850406324            0          
3410001300001D   022024001003         001353         VENDEDOR                                      01013600000000015506000000000001240400000000016126400000000002401600000000013724800000000015506000000000009858000000000015506000             
3410001300001E   1010-SALARIO-FAMILIA                000000000006204011-SALARIO-BASE                   000000000155060                                                                                                                          
3410001300001E   2310-INSS                           000000000011837320-VALE-TRANSPORTE                000000000009304977-DESCONTO VALE REFEICAO         000000000002875                                                                        
3410001300001F                                                                                                                                                                                                                                  
3410001300002A00000034104442 000000080103 3ANA JADE FRANCO GADELHA       001388              04032024REA000000000000000000000000145441                    00000000000000000000000                    00000000003655080395            0          
3410001300002D   022024001003         001388         VENDEDOR                                      02023600000000015506000000000001240400000000016945700000000002401600000000014544100000000015506000000000010056900000000015506000             
3410001300002E   1010-SALARIO-FAMILIA                000000000012408011-SALARIO-BASE                   0000000001550609B9-PREMIACAO                      000000000001989                                                                        
3410001300002E   2310-INSS                           000000000011837320-VALE-TRANSPORTE                000000000009304977-DESCONTO VALE REFEICAO         000000000002875                                                                        
3410001300002F                                                                                                                                                                                                                                  
3410001300003A00000034107412 000000056058 8JANAINA LIMA DE OLIVEIRA HENRI001323              04032024REA000000000000000000000000148702                    00000000000000000000000                    00000000002827119374            0          
3410001300003D   022024001003         001323         VENDEDOR                                      02023600000000015506000000000001240400000000017271800000000002401600000000014870200000000015506000000000010383000000000015506000             
3410001300003E   1010-SALARIO-FAMILIA                000000000012408011-SALARIO-BASE                   0000000001550609B9-PREMIACAO                      000000000005250                                                                        
3410001300003E   2310-INSS                           000000000011837320-VALE-TRANSPORTE                000000000009304977-DESCONTO VALE REFEICAO         000000000002875                                                                        
3410001300003F                                                                                                                                                                                                                                  
3410001300004A00000034107979 000000050866 5VIVANE DOS ANJOS DA SILVA     001421              04032024REA000000000000000000000000152003                    00000000000000000000000                    00000000061632438380            0          
3410001300004D   022024001003         001421         VENDEDOR                                      00003600000000017504300000000001400300000000017962900000000002762600000000015200300000000015506000000000012314900000000017504300             
3410001300004E   1011-SALARIO-BASE                   000000000155060030-COMISSOES                      0000000000199839B9-PREMIACAO                      000000000004586                                                                        
3410001300004E   2310-INSS                           000000000013635320-VALE-TRANSPORTE                000000000009304977-DESCONTO VALE REFEICAO         000000000004687                                                                        
3410001300004F                                                                                                                                                                                                                                  
3410001300005A00000034106593 000000037891 9JOSIVANIA SAMPAIO DA SILVA    001408              04032024REA000000000000000000000000152947                    00000000000000000000000                    00000000007637890384            0          
3410001300005D   022024001003         001408         VENDEDOR                                      00003600000000016736900000000001338900000000017807100000000002512400000000015294700000000015506000000000012159100000000016736900             
3410001300005E   1011-SALARIO-BASE                   000000000155060030-COMISSOES                      0000000000123099B9-PREMIACAO                      000000000010702                                                                        
3410001300005E   2310-INSS                           000000000012945320-VALE-TRANSPORTE                000000000009304977-DESCONTO VALE REFEICAO         000000000002875                                                                        
3410001300005F                                                                                                                                                                                                                                  
34100015         000027000000000000736341000000000000000000                                                                                                                                                                                     
34199999         000001000029                                                                                                                                                                                                                   
