34100000      081208143291000189                    08373 000000014383 6D S TECNOLOGIA COMERCIO E SERVITAU                                    10103202416473700000000000000                                                                     
34100011C3001040 208143291000189                    08373 000000014383 6D S TECNOLOGIA COMERCIO E SERV01                                      AV SANTOS DUMONT              03131218LJ219LJ220LJFORTALEZA           60150165CE                  
3410001300001A00000034108144 000000049177 9ISMAEL SOARES ALVES           001382              04032024REA000000000000000000000000057405                    00000000000000000000000                    00000000008043075395            0          
3410001300001D   022024001001         001382         APRENDIZ                                      00002000000000006205900000000000124100000000006205900000000000465400000000005740500000000000064200000000000557900000000006205900             
3410001300001E   1279-SALARIO APRENDIZ 20H           000000000062059                                                                                                                                                                            
3410001300001E   2310-INSS                           000000000004654                                                                                                                                                                            
3410001300001F                                                                                                                                                                                                                                  
3410001300002A00000034104453 000000038864 9DANIEL FILIPI FERNANDES TELES 001451              04032024REA000000000000000000000000070876                    00000000000000000000000                    00000000006655342562            0          
3410001300002D   022024001001         001451         CONSULTOR (A) DE VENDAS                       00004400000000005881600000000000470500000000007881600000000000794000000000007087600000000015506000000000000233600000000005881600             
3410001300002E   1011-SALARIO-BASE                   00000000005881699E-AJUDA DE CUSTO                 000000000020000                                                                                                                          
3410001300002E   2310-INSS                           000000000004411320-VALE-TRANSPORTE                000000000003529                                                                                                                          
3410001300002F                                                                                                                                                                                                                                  
3410001300003A00000034101338 000000083419 3DAVID PEREIRA RODRIGUES       001134              04032024REA000000000000000000000000155298                    00000000000000000000000                    00000000007262436392            0          
3410001300003D   022024001001         001134         CAIXA                                         00004400000000017148900000000001371900000000017148900000000001619100000000015529800000000015458600000000011500900000000017148900             
3410001300003E   1011-SALARIO-BASE                   000000000154586030-COMISSOES                      000000000001245041-QUEBRA DE CAIXA                000000000015459049-DESCANSO SEMANAL REMUNERAD     000000000000199                      
3410001300003E   2310-INSS                           000000000013316977-DESCONTO VALE REFEICAO         000000000002875                                                                                                                          
3410001300003F                                                                                                                                                                                                                                  
3410001300004A00000034101338 000000085614 7RENATA MIRANDA DE SOUZA NASCIM001286              04032024REA000000000000000000000000178580                    00000000000000000000000                    00000000002045943321            0          
3410001300004D   022024001001         001286         VENDEDOR                                      01014400000000018683900000000001494700000000020545600000000002687600000000017858000000000015506000000000014897600000000018683900             
3410001300004E   1011-SALARIO-BASE                   000000000155060030-COMISSOES                      0000000000317799B9-PREMIACAO                      000000000018617                                                                        
3410001300004E   2310-INSS                           000000000014697320-VALE-TRANSPORTE                000000000009304977-DESCONTO VALE REFEICAO         000000000002875                                                                        
3410001300004F                                                                                                                                                                                                                                  
3410001300005A00000034101338 000000058139 8RENATA MARIA UDINY DA SILVA LI001356              04032024REA000000000000000000000000294758                    00000000000000000000000                    00000000000053672399            0          
3410001300005D   022024001001         001356         GERENTE GERAL                                 00004400000000032727900000000002618200000000032727900000000003252100000000029475800000000032727900000000027079900000000032727900             
3410001300005E   1011-SALARIO-BASE                   000000000327279                                                                                                                                                                            
3410001300005E   2310-INSS                           000000000029155311-IRRF                           000000000003366                                                                                                                          
3410001300005F                                                                                                                                                                                                                                  
3410001300006A00000034101338 000000083886 3ANA KAROLINA CLARENTINO FEITOS000849              04032024REA000000000000000000000000385023                    00000000000000000000000                    00000000000107130343            0          
3410001300006D   022024001001         000849         GERENTE DE LOJA                               00004400000000032292700000000002583400000000043183300000000004681000000000038502300000000024392500000000037535300000000032292700             
3410001300006E   1011-SALARIO-BASE                   000000000243925030-COMISSOES                      0000000000790029B9-PREMIACAO                      000000000108906                                                                        
3410001300006E   2310-INSS                           000000000028633311-IRRF                           000000000018177                                                                                                                          
3410001300006F                                                                                                                                                                                                                                  
34100015         000032000000000001141940000000000000000000                                                                                                                                                                                     
34199999         000001000034                                                                                                                                                                                                                   
