34100000      081208143291000189                    08373 000000014383 6D S TECNOLOGIA COMERCIO E SERVITAU                                    10103202416424400000000000000                                                                     
34100011C3001040 208143291000189                    08373 000000014383 6D S TECNOLOGIA COMERCIO E SERV01                                      AV SANTOS DUMONT              03131218LJ219LJ220LJFORTALEZA           60150165CE                  
3410001300001A00000034101338 000000084486 1LETICIA SILVA ALCANTARA       001005              04032024REA000000000000000000000000029427                    00000000000000000000000                    00000000003423959398            0          
3410001300001D   022024001002         001005         GERENTE DE LOJA                               02024400000000002492800000000000199400000000003291700000000000349000000000002942700000000024392500000000000000000000000002492800             
3410001300001E   1030-COMISSOES                      000000000021490049-DESCANSO SEMANAL REMUNERAD     0000000000034389B9-PREMIACAO                      000000000007989                                                                        
3410001300001E   2310-INSS                           000000000003490                                                                                                                                                                            
3410001300001F                                                                                                                                                                                                                                  
3410001300002A00000034104442 000000086312 4VICENTE RODRIGUES CARNEIRO FIL001431              04032024REA000000000000000000000000053681                    00000000000000000000000                    00000000062219151395            0          
3410001300002D   022024001002         001431         APRENDIZ                                      00002000000000006205900000000000124100000000006205900000000000837800000000005368100000000000064200000000000557900000000006205900             
3410001300002E   1279-SALARIO APRENDIZ 20H           000000000062059                                                                                                                                                                            
3410001300002E   2310-INSS                           000000000004654323-VALE-TRANSPORTE                000000000003724                                                                                                                          
3410001300002F                                                                                                                                                                                                                                  
3410001300003A00000034107511 000000003994 8WANESSA SILVA ARAUJO          001452              04032024REA000000000000000000000000076317                    00000000000000000000000                    00000000008589193381            0          
3410001300003D   022024001002         001452         CAIXA                                         00004400000000006469800000000000517500000000008469800000000000838100000000007631700000000015506000000000000821800000000006469800             
3410001300003E   1011-SALARIO-BASE                   000000000058816041-QUEBRA DE CAIXA                00000000000588299E-AJUDA DE CUSTO                 000000000020000                                                                        
3410001300003E   2310-INSS                           000000000004852320-VALE-TRANSPORTE                000000000003529                                                                                                                          
3410001300003F                                                                                                                                                                                                                                  
3410001300004A00000034100366 000000046615 9KATIA LIMA DE OLIVEIRA        001122              04032024REA000000000000000000000000105732                    00000000000000000000000                    00000000099498162387            0          
3410001300004D   022024001002         001122         CONSULTOR (A) DE VENDAS                       00004400000000015743700000000001259400000000015863500000000005290300000000010573200000000015506000000000010215500000000015743700             
3410001300004E   1011-SALARIO-BASE                   000000000155060030-COMISSOES                      000000000002049049-DESCANSO SEMANAL REMUNERAD     0000000000003289B9-PREMIACAO                      000000000001198                      
3410001300004E   2310-INSS                           000000000012051320-VALE-TRANSPORTE                000000000009304977-DESCONTO VALE REFEICAO         00000000000172599R-PLANO DE SAUDE - TITULAR       000000000029823                      
3410001300004F                                                                                                                                                                                                                                  
3410001300005A00000034108459 000000057739 4ALARYCO ALVES DE CARVALHO NETO001441              04032024REA000000000000000000000000131419                    00000000000000000000000                    00000000002131901330            0          
3410001300005D   022024001002         001441         VENDEDOR                                      00004400000000015506000000000001240400000000015506000000000002364100000000013141900000000015506000000000009858000000000015506000             
3410001300005E   1011-SALARIO-BASE                   000000000155060                                                                                                                                                                            
3410001300005E   2310-INSS                           000000000011837320-VALE-TRANSPORTE                000000000009304977-DESCONTO VALE REFEICAO         000000000002500                                                                        
3410001300005F                                                                                                                                                                                                                                  
3410001300006A00000034103214 000000083153 3CLEILSON SANTOS CARVALHO      001402              04032024REA000000000000000000000000138398                    00000000000000000000000                    00000000002476041513            0          
3410001300006D   022024001002         001402         CONSULTOR (A) DE VENDAS                       01013600000000015506000000000001240400000000016126400000000002286600000000013839800000000015506000000000009858000000000015506000             
3410001300006E   1010-SALARIO-FAMILIA                000000000006204011-SALARIO-BASE                   000000000155060                                                                                                                          
3410001300006E   2310-INSS                           000000000011837320-VALE-TRANSPORTE                000000000009304977-DESCONTO VALE REFEICAO         000000000001725                                                                        
3410001300006F                                                                                                                                                                                                                                  
3410001300007A00000034101646 000000082492 8RENATO DAVID COSTA MONTE      001430              04032024REA000000000000000000000000144853                    00000000000000000000000                    00000000000295510307            0          
3410001300007D   022024001002         001430         VENDEDOR                                      00003600000000016584500000000001326700000000016984000000000002498700000000014485300000000015506000000000011336000000000016584500             
3410001300007E   1011-SALARIO-BASE                   000000000155060030-COMISSOES                      0000000000107859B9-PREMIACAO                      000000000003995                                                                        
3410001300007E   2310-INSS                           000000000012808320-VALE-TRANSPORTE                000000000009304977-DESCONTO VALE REFEICAO         000000000002875                                                                        
3410001300007F                                                                                                                                                                                                                                  
3410001300008A00000034101649 000000025054 3CARLOS EDUARDO DE ABREU MESQUI001444              04032024REA000000000000000000000000160123                    00000000000000000000000                    00000000065660170382            0          
3410001300008D   022024001002         001444         VENDEDOR                                      01014400000000015506000000000001240400000000020286400000000004274100000000016012300000000015506000000000009858000000000015506000             
3410001300008E   1010-SALARIO-FAMILIA                000000000006204011-SALARIO-BASE                   00000000015506099E-AJUDA DE CUSTO                 0000000000200009BC-ADIANTAMENTO VTE               000000000021600                      
3410001300008E   2310-INSS                           000000000011837320-VALE-TRANSPORTE                0000000000093049BB-COMPENSACAO VTE                000000000021600                                                                        
3410001300008F                                                                                                                                                                                                                                  
3410001300009A00000034107412 000000068732 4ANTONIA FABIANA CARNEIRO DA SI001448              04032024REA000000000000000000000000160123                    00000000000000000000000                    00000000008454602348            0          
3410001300009D   022024001002         001448         VENDEDOR                                      01014400000000015506000000000001240400000000020286400000000004274100000000016012300000000015506000000000009858000000000015506000             
3410001300009E   1010-SALARIO-FAMILIA                000000000006204011-SALARIO-BASE                   00000000015506099E-AJUDA DE CUSTO                 0000000000200009BC-ADIANTAMENTO VTE               000000000021600                      
3410001300009E   2310-INSS                           000000000011837320-VALE-TRANSPORTE                0000000000093049BB-COMPENSACAO VTE                000000000021600                                                                        
3410001300009F                                                                                                                                                                                                                                  
3410001300010A00000034108373 000000009300 7ALAN KARDEC ALVES QUEIROZ     001345              04032024REA000000000000000000000000220251                    00000000000000000000000                    00000000063919427300            0          
3410001300010D   022024001002         001345         CONSULTOR (A) DE VENDAS                       01013600000000021473500000000001717800000000023918400000000001893300000000022025100000000015506000000000018270400000000021473500             
3410001300010E   1011-SALARIO-BASE                   000000000155060030-COMISSOES                      000000000051444049-DESCANSO SEMANAL REMUNERAD     0000000000082319B9-PREMIACAO                      000000000024449                      
3410001300010E   2310-INSS                           000000000017208977-DESCONTO VALE REFEICAO         000000000001725                                                                                                                          
3410001300010F                                                                                                                                                                                                                                  
3410001300011A00000034101338 000000092286 5GLAYSILENE ROCHA MARANHAO     001357              04032024REA000000000000000000000000333045                    00000000000000000000000                    00000000084536012320            0          
3410001300011D   022024001002         001357         VENDEDOR                                      02003600000000030806300000000002464500000000037048200000000003743700000000033304500000000015506000000000030571500000000030806300             
3410001300011E   1011-SALARIO-BASE                   000000000155060030-COMISSOES                      0000000001530039B9-PREMIACAO                      000000000062419                                                                        
3410001300011E   2310-INSS                           000000000026849311-IRRF                           000000000007713977-DESCONTO VALE REFEICAO         000000000002875                                                                        
3410001300011F                                                                                                                                                                                                                                  
3410001300012A00000034101338 000000083935 8MICHELLE RODRIGUES PINHO MAGAL001138              04032024REA000000000000000000000000336293                    00000000000000000000000                    00000000061638650306            0          
3410001300012D   022024001002         001138         GERENTE GERAL                                 00004400000000037365500000000002989200000000038164400000000004535100000000033629300000000032727900000000032516400000000037365500             
3410001300012E   1011-SALARIO-BASE                   000000000327279030-COMISSOES                      000000000039979049-DESCANSO SEMANAL REMUNERAD     0000000000063979B9-PREMIACAO                      000000000007989                      
3410001300012E   2310-INSS                           000000000034720311-IRRF                           000000000010631                                                                                                                          
3410001300012F                                                                                                                                                                                                                                  
34100015         000062000000000001889662000000000000000000                                                                                                                                                                                     
34199999         000001000064                                                                                                                                                                                                                   
