34100000      081208143291000189                    08373 000000014383 6D S TECNOLOGIA COMERCIO E SERVITAU                                    10103202416441000000000000000                                                                     
34100011C3001040 208143291000189                    08373 000000014383 6D S TECNOLOGIA COMERCIO E SERV01                                      AV SANTOS DUMONT              03131218LJ219LJ220LJFORTALEZA           60150165CE                  
3410001300001A00000034107751 000000041524 6MARIA JOZELIA PEREIRA VITAL   001266              04032024REA000000000000000000000000057332                    00000000000000000000000                    00000000093900058334            0          
3410001300001D   022024001007         001266         AUXILIAR DE SERVICOS GERAIS                   00000600000000006198000000000000495800000000006198000000000000464800000000005733200000000000206600000000000550000000000006198000             
3410001300001E   19AH-SALARIO HORA                   000000000061980                                                                                                                                                                            
3410001300001E   2310-INSS                           000000000004648                                                                                                                                                                            
3410001300001F                                                                                                                                                                                                                                  
3410001300002A00000034107943 000000049349 9ELIEUDA LEITE DE OLIVEIRA     001418              04032024REA000000000000000000000000133888                    00000000000000000000000                    00000000002381048340            0          
3410001300002D   022024001007         001418         VENDEDOR                                      00003600000000014700000000000001176000000000014700000000000001311200000000013388800000000014700000000000009052000000000014700000             
3410001300002E   1011-SALARIO-BASE                   000000000147000                                                                                                                                                                            
3410001300002E   2310-INSS                           000000000011112977-DESCONTO VALE REFEICAO         000000000002000                                                                                                                          
3410001300002F                                                                                                                                                                                                                                  
3410001300003A00000034107751 000000039438 3THAMIRYS LIMA DOS SANTOS      000105              04032024REA000000000000000000000000140367                    00000000000000000000000                    00000000004766566300            0          
3410001300003D   022024001007         000105         CONSULTOR (A) DE VENDAS                       01014400000000014700000000000001176000000000015320400000000001283700000000014036700000000014700000000000009052000000000014700000             
3410001300003E   1010-SALARIO-FAMILIA                000000000006204011-SALARIO-BASE                   000000000147000                                                                                                                          
3410001300003E   2310-INSS                           000000000011112977-DESCONTO VALE REFEICAO         000000000001725                                                                                                                          
3410001300003F                                                                                                                                                                                                                                  
3410001300004A00000034108477 000000043407 3CICERA STHEFANY ROCHA ALVES   001428              04032024REA000000000000000000000000157149                    00000000000000000000000                    00000000047744808860            0          
3410001300004D   022024001007         001428         VENDEDOR                                      01013600000000016409200000000001312700000000017267400000000001552500000000015714900000000014700000000000010999000000000016409200             
3410001300004E   1010-SALARIO-FAMILIA                000000000006204011-SALARIO-BASE                   000000000147000030-COMISSOES                      0000000000170929B9-PREMIACAO                      000000000002378                      
3410001300004E   2310-INSS                           000000000012650977-DESCONTO VALE REFEICAO         000000000002875                                                                                                                          
3410001300004F                                                                                                                                                                                                                                  
3410001300005A00000034107943 000000036476 5FRANCISCO WITALO MAURICIO SALE001216              04032024REA000000000000000000000000161534                    00000000000000000000000                    00000000001197901302            0          
3410001300005D   022024001007         001216         CONSULTOR (A) DE VENDAS                       02024400000000016257100000000001300500000000017577200000000001423800000000016153400000000014700000000000010688400000000016257100             
3410001300005E   1010-SALARIO-FAMILIA                000000000012408011-SALARIO-BASE                   000000000147000030-COMISSOES                      000000000013423049-DESCANSO SEMANAL REMUNERAD     000000000002148                      
3410001300005E   19B9-PREMIACAO                      000000000000793                                                                                                                                                                            
3410001300005E   2310-INSS                           000000000012513977-DESCONTO VALE REFEICAO         000000000001725                                                                                                                          
3410001300005F                                                                                                                                                                                                                                  
3410001300006A00000034107751 000000031051 2RANIERY PEREIRA VIANA MIRANDA 001370              04032024REA000000000000000000000000224947                    00000000000000000000000                    00000000001089989407            0          
3410001300006D   022024001007         001370         GERENTE DE LOJA                               02014400000000024486600000000001958900000000024486600000000001991900000000022494700000000024486600000000018702900000000024486600             
3410001300006E   1011-SALARIO-BASE                   000000000244866                                                                                                                                                                            
3410001300006E   2310-INSS                           000000000019919                                                                                                                                                                            
3410001300006F                                                                                                                                                                                                                                  
3410001300007A00000034107751 000000039420 1RAFAEL FRANCA COSTA           000090              04032024REA000000000000000000000000298036                    00000000000000000000000                    00000000001911289373            0          
3410001300007D   022024001007         000090         GERENTE GERAL                                 00004400000000033135000000000002650800000000033135000000000003331400000000029803600000000033135000000000027487000000000033135000             
3410001300007E   1011-SALARIO-BASE                   000000000331350                                                                                                                                                                            
3410001300007E   2310-INSS                           000000000029643311-IRRF                           000000000003671                                                                                                                          
3410001300007F                                                                                                                                                                                                                                  
3410001300008A00000034108477 000000023849 0NAYANY SOBREIRA BRAGA BORGES  001036              04032024REA000000000000000000000000375086                    00000000000000000000000                    00000000001590860357            0          
3410001300008D   022024001007         001036         CONSULTOR (A) DE VENDAS                       00004400000000025002500000000002000200000000041244600000000003736000000000037508600000000014700000000000035596600000000025002500             
3410001300008E   1011-SALARIO-BASE                   000000000147000030-COMISSOES                      000000000088815049-DESCANSO SEMANAL REMUNERAD     0000000000142109B9-PREMIACAO                      000000000162421                      
3410001300008E   2310-INSS                           000000000020384311-IRRF                           000000000015251977-DESCONTO VALE REFEICAO         000000000001725                                                                        
3410001300008F                                                                                                                                                                                                                                  
34100015         000043000000000001548339000000000000000000                                                                                                                                                                                     
34199999         000001000045                                                                                                                                                                                                                   
