34100000      081208143291000189                    08373 000000014383 6D S TECNOLOGIA COMERCIO E SERVITAU                                    10103202416453900000000000000                                                                     
34100011C3001040 208143291000189                    08373 000000014383 6D S TECNOLOGIA COMERCIO E SERV01                                      AV SANTOS DUMONT              03131218LJ219LJ220LJFORTALEZA           60150165CE                  
3410001300001A00000034104442 000000090637 8ANDRESSA JUVENCIO SIQUEIRA    001453              04032024REA000000000000000000000000070876                    00000000000000000000000                    00000000004565842343            0          
3410001300001D   022024001011         001453         CONSULTOR (A) DE VENDAS                       00004400000000005881600000000000470500000000007881600000000000794000000000007087600000000015506000000000000233600000000005881600             
3410001300001E   1011-SALARIO-BASE                   00000000005881699E-AJUDA DE CUSTO                 000000000020000                                                                                                                          
3410001300001E   2310-INSS                           000000000004411320-VALE-TRANSPORTE                000000000003529                                                                                                                          
3410001300001F                                                                                                                                                                                                                                  
3410001300002A00000034106593 000000044510 6SAMUEL ALVES DE FREITAS       001433              04032024REA000000000000000000000000131044                    00000000000000000000000                    00000000004854271337            0          
3410001300002D   022024001011         001433         VENDEDOR                                      00004400000000015506000000000001240400000000015506000000000002401600000000013104400000000015506000000000009858000000000015506000             
3410001300002E   1011-SALARIO-BASE                   000000000155060                                                                                                                                                                            
3410001300002E   2310-INSS                           000000000011837320-VALE-TRANSPORTE                000000000009304977-DESCONTO VALE REFEICAO         000000000002875                                                                        
3410001300002F                                                                                                                                                                                                                                  
3410001300003A00000034105854 000000019407 2BRENDA GOMES DE AQUINO        001434              04032024REA000000000000000000000000131044                    00000000000000000000000                    00000000006670586302            0          
3410001300003D   022024001011         001434         VENDEDOR                                      00003600000000015506000000000001240400000000015506000000000002401600000000013104400000000015506000000000009858000000000015506000             
3410001300003E   1011-SALARIO-BASE                   000000000155060                                                                                                                                                                            
3410001300003E   2310-INSS                           000000000011837320-VALE-TRANSPORTE                000000000009304977-DESCONTO VALE REFEICAO         000000000002875                                                                        
3410001300003F                                                                                                                                                                                                                                  
3410001300004A00000034105854 000000021500 0ANA LARA PEREIRA MARTINS      001442              04032024REA000000000000000000000000131044                    00000000000000000000000                    00000000008681035355            0          
3410001300004D   022024001011         001442         VENDEDOR                                      00004400000000015506000000000001240400000000015506000000000002401600000000013104400000000015506000000000009858000000000015506000             
3410001300004E   1011-SALARIO-BASE                   000000000155060                                                                                                                                                                            
3410001300004E   2310-INSS                           000000000011837320-VALE-TRANSPORTE                000000000009304977-DESCONTO VALE REFEICAO         000000000002875                                                                        
3410001300004F                                                                                                                                                                                                                                  
3410001300005A00000034107410 000000012169 8GLEIDSON GERALDO DE LIMA      001359              04032024REA000000000000000000000000138820                    00000000000000000000000                    00000000099813254300            0          
3410001300005D   022024001011         001359         VENDEDOR                                      01013600000000015506000000000001240400000000016283600000000002401600000000013882000000000015506000000000010015200000000015506000             
3410001300005E   1010-SALARIO-FAMILIA                000000000006204011-SALARIO-BASE                   0000000001550609B9-PREMIACAO                      000000000001572                                                                        
3410001300005E   2310-INSS                           000000000011837320-VALE-TRANSPORTE                000000000009304977-DESCONTO VALE REFEICAO         000000000002875                                                                        
3410001300005F                                                                                                                                                                                                                                  
3410001300006A00000034101338 000000086979 3FRANCISCO WANDERSON LEITE DE F001304              04032024REA000000000000000000000000235219                    00000000000000000000000                    00000000003686319314            0          
3410001300006D   022024001011         001304         GERENTE DE LOJA                               00003600000000024392500000000001951400000000025761600000000002239700000000023521900000000024392500000000018744500000000024392500             
3410001300006E   1011-SALARIO-BASE                   0000000002439259AV-DEVOLUCAO DESC. DE VT INDE     000000000013691                                                                                                                          
3410001300006E   2310-INSS                           0000000000198359AW-PLANO ODONTOLOGICO - TITUL     000000000002562                                                                                                                          
3410001300006F                                                                                                                                                                                                                                  
3410001300007A00000034108527 000000042950 3ROGERIO GOMES DE LIMA BARRETO 001411              04032024REA000000000000000000000000328830                    00000000000000000000000                    00000000032512087808            0          
3410001300007D   022024001011         001411         GERENTE GERAL                                 00004400000000033530900000000002682400000000036744900000000003861900000000032883000000000032727900000000031096900000000033530900             
3410001300007E   1011-SALARIO-BASE                   000000000327279030-COMISSOES                      000000000006922049-DESCANSO SEMANAL REMUNERAD     0000000000011089B9-PREMIACAO                      000000000032140                      
3410001300007E   2310-INSS                           000000000030118311-IRRF                           000000000008501                                                                                                                          
3410001300007F                                                                                                                                                                                                                                  
34100015         000037000000000001166877000000000000000000                                                                                                                                                                                     
34199999         000001000039                                                                                                                                                                                                                   
