34100000      081208143291000189                    08373 000000014383 6D S TECNOLOGIA COMERCIO E SERVITAU                                    10103202416463600000000000000                                                                     
34100011C3001040 208143291000189                    08373 000000014383 6D S TECNOLOGIA COMERCIO E SERV01                                      AV SANTOS DUMONT              03131218LJ219LJ220LJFORTALEZA           60150165CE                  
3410001300001A00000034107979 000000088565 9TATIANA COSTA SALES           001432              04032024REA000000000000000000000000125568                    00000000000000000000000                    00000000000613873394            0          
3410001300001D   022024001014         001432         VENDEDOR                                      01003600000000014861700000000001188900000000014861700000000002304900000000012556800000000014861700000000009213700000000014861700             
3410001300001E   1011-SALARIO-BASE                   000000000148617                                                                                                                                                                            
3410001300001E   2310-INSS                           000000000011257320-VALE-TRANSPORTE                000000000008917977-DESCONTO VALE REFEICAO         000000000002875                                                                        
3410001300001F                                                                                                                                                                                                                                  
3410001300002A00000034101640 000000056053 6CRISTIANE COSTA DE ALBUQUERQUE001438              04032024REA000000000000000000000000125693                    00000000000000000000000                    00000000000662668316            0          
3410001300002D   022024001014         001438         VENDEDOR                                      01004000000000014861700000000001188900000000014861700000000002292400000000012569300000000014861700000000009213700000000014861700             
3410001300002E   1011-SALARIO-BASE                   000000000148617                                                                                                                                                                            
3410001300002E   2310-INSS                           000000000011257320-VALE-TRANSPORTE                000000000008917977-DESCONTO VALE REFEICAO         000000000002750                                                                        
3410001300002F                                                                                                                                                                                                                                  
3410001300003A00000034106593 000000019994 3ANA LARISSA LOUREIRO DE ALBUQU001450              04032024REA000000000000000000000000130722                    00000000000000000000000                    00000000006202305339            0          
3410001300003D   022024001014         001450         GERENTE GERAL                                 01014400000000011969900000000000957500000000013969900000000000897700000000013072200000000031557100000000006321900000000011969900             
3410001300003E   1011-SALARIO-BASE                   00000000011969999E-AJUDA DE CUSTO                 000000000020000                                                                                                                          
3410001300003E   2310-INSS                           000000000008977                                                                                                                                                                            
3410001300003F                                                                                                                                                                                                                                  
3410001300004A00000034107979 000000079313 5TAYNA KESIA ALBUQUERQUE BEZERR001376              04032024REA000000000000000000000000131923                    00000000000000000000000                    00000000061043668306            0          
3410001300004D   022024001014         001376         VENDEDOR                                      00003600000000014861700000000001188900000000014861700000000001669400000000013192300000000014861700000000009213700000000014861700             
3410001300004E   1011-SALARIO-BASE                   000000000148617                                                                                                                                                                            
3410001300004E   2108-PLANO ODONTOLOGICO - TITUL     000000000002562310-INSS                           000000000011257977-DESCONTO VALE REFEICAO         000000000002875                                                                        
3410001300004F                                                                                                                                                                                                                                  
3410001300005A00000034101338 000000089549 1FABRINE FERREIRA NOGUEIRA     001315              04032024REA000000000000000000000000143470                    00000000000000000000000                    00000000004627137338            0          
3410001300005D   022024001014         001315         VENDEDOR                                      00003600000000015734700000000001258700000000015838800000000001491800000000014347000000000014861700000000010190800000000015734700             
3410001300005E   1011-SALARIO-BASE                   000000000148617030-COMISSOES                      0000000000087309B9-PREMIACAO                      000000000001041                                                                        
3410001300005E   2310-INSS                           000000000012043977-DESCONTO VALE REFEICAO         000000000002875                                                                                                                          
3410001300005F                                                                                                                                                                                                                                  
3410001300006A00000034106593 000000026249 3ANTONIA LEONICE CABRAL DA SILV001342              04032024REA000000000000000000000000149574                    00000000000000000000000                    00000000066662028304            0          
3410001300006D   022024001014         001342         VENDEDOR                                      02013600000000015988400000000001279000000000017363700000000002406300000000014957400000000014861700000000011095300000000015988400             
3410001300006E   1010-SALARIO-FAMILIA                000000000006204011-SALARIO-BASE                   000000000148617030-COMISSOES                      0000000000112679B9-PREMIACAO                      000000000007549                      
3410001300006E   2310-INSS                           000000000012271320-VALE-TRANSPORTE                000000000008917977-DESCONTO VALE REFEICAO         000000000002875                                                                        
3410001300006F                                                                                                                                                                                                                                  
3410001300007A00000034101338 000000084405 1GEYFERSON FERREIRA DA SILVA   001128              04032024REA000000000000000000000000152348                    00000000000000000000000                    00000000005450264313            0          
3410001300007D   022024001014         001128         CAIXA                                         00004400000000016824700000000001345900000000016824700000000001589900000000015234800000000015295200000000011176700000000016824700             
3410001300007E   1011-SALARIO-BASE                   000000000152952041-QUEBRA DE CAIXA                000000000015295                                                                                                                          
3410001300007E   2310-INSS                           000000000013024977-DESCONTO VALE REFEICAO         000000000002875                                                                                                                          
3410001300007F                                                                                                                                                                                                                                  
3410001300008A00000034101338 000000093099 1LUCAS GABRIEL TEIXEIRA ALVES  001372              04032024REA000000000000000000000000218948                    00000000000000000000000                    00000000061088914322            0          
3410001300008D   022024001014         001372         GERENTE DE LOJA                               01013600000000025392500000000002031400000000025431800000000003537000000000021894800000000024392500000000019783800000000025392500             
3410001300008E   1011-SALARIO-BASE                   000000000243925030-COMISSOES                      0000000000100009B9-PREMIACAO                      000000000000393                                                                        
3410001300008E   2310-INSS                           000000000020735320-VALE-TRANSPORTE                000000000014635                                                                                                                          
3410001300008F                                                                                                                                                                                                                                  
34100015         000042000000000001178246000000000000000000                                                                                                                                                                                     
34199999         000001000044                                                                                                                                                                                                                   
