34100000      081208143291000189                    08373 000000014383 6D S TECNOLOGIA COMERCIO E SERVITAU                                    10103202416460600000000000000                                                                     
34100011C3001040 208143291000189                    08373 000000014383 6D S TECNOLOGIA COMERCIO E SERV01                                      AV SANTOS DUMONT              03131218LJ219LJ220LJFORTALEZA           60150165CE                  
3410001300001A00000034107979 000000084026 6DAIANE GIRAO DA SILVA         001443              04032024REA000000000000000000000000153959                    00000000000000000000000                    00000000061059645360            0          
3410001300001D   022024001013         001443         VENDEDOR                                      00004400000000015506000000000001240400000000019810000000000004414100000000015395900000000015506000000000009858000000000015506000             
3410001300001E   1011-SALARIO-BASE                   00000000015506099E-AJUDA DE CUSTO                 0000000000200009BC-ADIANTAMENTO VTE               000000000023040                                                                        
3410001300001E   2310-INSS                           000000000011837320-VALE-TRANSPORTE                0000000000093049BB-COMPENSACAO VTE                000000000023000                                                                        
3410001300001F                                                                                                                                                                                                                                  
3410001300002A00000034108681 000000051653 3ELOIZA HELENA LIMA DE OLIVEIRA001415              04032024REA000000000000000000000000155748                    00000000000000000000000                    00000000003088055348            0          
3410001300002D   022024001013         001415         VENDEDOR                                      01013600000000016609400000000001328700000000018075700000000002500900000000015574800000000015506000000000011807300000000016609400             
3410001300002E   1010-SALARIO-FAMILIA                000000000006204011-SALARIO-BASE                   000000000155060030-COMISSOES                      0000000000110349B9-PREMIACAO                      000000000008459                      
3410001300002E   2310-INSS                           000000000012830320-VALE-TRANSPORTE                000000000009304977-DESCONTO VALE REFEICAO         000000000002875                                                                        
3410001300002F                                                                                                                                                                                                                                  
3410001300003A00000034101338 000000092280 8ANA ERICA ANDRADE BARBOSA     001358              04032024REA000000000000000000000000157563                    00000000000000000000000                    00000000002681431379            0          
3410001300003D   022024001013         001358         CAIXA                                         03024400000000017056600000000001364500000000018297400000000002541100000000015756300000000015506000000000010045700000000017056600             
3410001300003E   1010-SALARIO-FAMILIA                000000000012408011-SALARIO-BASE                   000000000155060041-QUEBRA DE CAIXA                000000000015506                                                                        
3410001300003E   2310-INSS                           000000000013232320-VALE-TRANSPORTE                000000000009304977-DESCONTO VALE REFEICAO         000000000002875                                                                        
3410001300003F                                                                                                                                                                                                                                  
3410001300004A00000034101338 000000095875 2BRENA KELLY OLIVEIRA DA SILVA 001409              04032024REA000000000000000000000000197738                    00000000000000000000000                    00000000006720690329            0          
3410001300004D   022024001013         001409         VENDEDOR                                      01013600000000019171500000000001533700000000022505300000000002731500000000019773800000000015506000000000016857300000000019171500             
3410001300004E   1011-SALARIO-BASE                   000000000155060030-COMISSOES                      0000000000366559B9-PREMIACAO                      000000000033338                                                                        
3410001300004E   2310-INSS                           000000000015136320-VALE-TRANSPORTE                000000000009304977-DESCONTO VALE REFEICAO         000000000002875                                                                        
3410001300004F                                                                                                                                                                                                                                  
3410001300005A00000034106223 000000098710 5JOSE TIAGO DE ARAUJO MAGELA   001343              04032024REA000000000000000000000000199043                    00000000000000000000000                    00000000060714531359            0          
3410001300005D   022024001013         001343         VENDEDOR                                      00003600000000019112500000000001529000000000022630500000000002726200000000019904300000000015506000000000016982500000000019112500             
3410001300005E   1011-SALARIO-BASE                   000000000155060030-COMISSOES                      0000000000360659B9-PREMIACAO                      000000000035180                                                                        
3410001300005E   2310-INSS                           000000000015083320-VALE-TRANSPORTE                000000000009304977-DESCONTO VALE REFEICAO         000000000002875                                                                        
3410001300005F                                                                                                                                                                                                                                  
3410001300006A00000034104442 000000016487 9JOYCE MARIA DE PAULA          001383              04032024REA000000000000000000000000336290                    00000000000000000000000                    00000000060005429331            0          
3410001300006D   022024001013         001383         GERENTE GERAL                                 00004400000000034574900000000002765900000000037770000000000004141000000000033629000000000032727900000000032122000000000034574900             
3410001300006E   1011-SALARIO-BASE                   000000000327279030-COMISSOES                      000000000015922049-DESCANSO SEMANAL REMUNERAD     0000000000025489B9-PREMIACAO                      000000000031951                      
3410001300006E   2310-INSS                           000000000031371311-IRRF                           000000000010039                                                                                                                          
3410001300006F                                                                                                                                                                                                                                  
34100015         000032000000000001200341000000000000000000                                                                                                                                                                                     
34199999         000001000034                                                                                                                                                                                                                   
