34100000      081208143291000189                    08373 000000014383 6D S TECNOLOGIA COMERCIO E SERVITAU                                    10103202416450800000000000000                                                                     
34100011C3001040 208143291000189                    08373 000000014383 6D S TECNOLOGIA COMERCIO E SERV01                                      AV SANTOS DUMONT              03131218LJ219LJ220LJFORTALEZA           60150165CE                  
3410001300001A00000034101338 000000083436 7RANIERY RODRIGUES DE OLIVEIRA 000290              04032024REA000000000000000000000000001393                    00000000000000000000000                    00000000003712717385            0          
3410001300001D   022024001010         000290         VENDEDOR                                      00004400000000000000000000000000000000000000002023900000000001884600000000000139300000000015506000000000000000000000000000000000             
3410001300001E   19AT-OUTROS PROVENTOS               0000000000177009B9-PREMIACAO                      000000000002539                                                                                                                          
3410001300001E   299V-PLANO DE SAUDE - COPARTICI     000000000018846                                                                                                                                                                            
3410001300001F                                                                                                                                                                                                                                  
3410001300002A00000034101338 000000091025 8KATILENE DO NASCIMENTO RODRIGU001351              04032024REA000000000000000000000000118105                    00000000000000000000000                    00000000099933446304            0          
3410001300002D   022024001010         001351         VENDEDOR                                      01013600000000015506000000000001240400000000016238600000000004428100000000011810500000000015506000000000009970200000000015506000             
3410001300002E   1010-SALARIO-FAMILIA                000000000006204011-SALARIO-BASE                   0000000001550609B9-PREMIACAO                      000000000001122                                                                        
3410001300002E   2310-INSS                           000000000011837320-VALE-TRANSPORTE                000000000009304977-DESCONTO VALE REFEICAO         00000000000287599R-PLANO DE SAUDE - TITULAR       000000000017703                      
3410001300002E   29AW-PLANO ODONTOLOGICO - TITUL     000000000002562                                                                                                                                                                            
3410001300002F                                                                                                                                                                                                                                  
3410001300003A00000034101338 000000083496 1CAMILA FONTENELE ESPOSITO     001401              04032024REA000000000000000000000000131044                    00000000000000000000000                    00000000007830252386            0          
3410001300003D   022024001010         001401         VENDEDOR                                      00003600000000015506000000000001240400000000015506000000000002401600000000013104400000000015506000000000009858000000000015506000             
3410001300003E   1011-SALARIO-BASE                   000000000155060                                                                                                                                                                            
3410001300003E   2310-INSS                           000000000011837320-VALE-TRANSPORTE                000000000009304977-DESCONTO VALE REFEICAO         000000000002875                                                                        
3410001300003F                                                                                                                                                                                                                                  
3410001300004A00000034101338 000000082640 5FRANCISCA ANDREA NASCIMENTO SA000958              04032024REA000000000000000000000000139641                    00000000000000000000000                    00000000074264567300            0          
3410001300004D   022024001010         000958         VENDEDOR                                      00004400000000016814400000000001345100000000016995800000000003031700000000013964100000000015506000000000011347800000000016814400             
3410001300004E   1011-SALARIO-BASE                   000000000155060030-COMISSOES                      0000000000130849B9-PREMIACAO                      000000000001814                                                                        
3410001300004E   2310-INSS                           000000000013014320-VALE-TRANSPORTE                000000000009304977-DESCONTO VALE REFEICAO         0000000000028759AW-PLANO ODONTOLOGICO - TITUL     000000000002562                      
3410001300004E   29AX-PLANO ODONTOLOGICO - DEPEN     000000000002562                                                                                                                                                                            
3410001300004F                                                                                                                                                                                                                                  
3410001300005A00000034104442 000000072049 8LUANA DOS SANTOS ARAUJO       001396              04032024REA000000000000000000000000145155                    00000000000000000000000                    00000000008528472388            0          
3410001300005D   022024001010         001396         CAIXA                                         00004400000000017056600000000001364500000000017056600000000002541100000000014515500000000015506000000000011408600000000017056600             
3410001300005E   1011-SALARIO-BASE                   000000000155060041-QUEBRA DE CAIXA                000000000015506                                                                                                                          
3410001300005E   2310-INSS                           000000000013232320-VALE-TRANSPORTE                000000000009304977-DESCONTO VALE REFEICAO         000000000002875                                                                        
3410001300005F                                                                                                                                                                                                                                  
3410001300006A00000034104442 000000087600 1PEDRO HENRIQUE DA SILVA GUIMAR001449              04032024REA000000000000000000000000153919                    00000000000000000000000                    00000000003476318354            0          
3410001300006D   022024001010         001449         VENDEDOR                                      00004400000000015506000000000001240400000000017506000000000002114100000000015391900000000015506000000000009858000000000015506000             
3410001300006E   1011-SALARIO-BASE                   00000000015506099E-AJUDA DE CUSTO                 000000000020000                                                                                                                          
3410001300006E   2310-INSS                           000000000011837320-VALE-TRANSPORTE                000000000009304                                                                                                                          
3410001300006F                                                                                                                                                                                                                                  
3410001300007A00000034101338 000000091590 1FELYPE FELIX ARAUJO           001350              04032024REA000000000000000000000000155280                    00000000000000000000000                    00000000004604718300            0          
3410001300007D   022024001010         001350         CONSULTOR (A) DE VENDAS                       00003600000000016953900000000001356300000000017944900000000002416900000000015528000000000015506000000000012296900000000016953900             
3410001300007E   1011-SALARIO-BASE                   000000000155060030-COMISSOES                      000000000012482049-DESCANSO SEMANAL REMUNERAD     0000000000019979B9-PREMIACAO                      000000000009910                      
3410001300007E   2310-INSS                           000000000013140320-VALE-TRANSPORTE                000000000009304977-DESCONTO VALE REFEICAO         000000000001725                                                                        
3410001300007F                                                                                                                                                                                                                                  
3410001300008A00000034104442 000000079154 9FELIPE DOS SANTOS FORTE       001379              04032024REA000000000000000000000000176516                    00000000000000000000000                    00000000004225357376            0          
3410001300008D   022024001010         001379         VENDEDOR                                      01013600000000018538000000000001483000000000020326100000000002674500000000017651600000000015506000000000014678100000000018538000             
3410001300008E   1011-SALARIO-BASE                   000000000155060030-COMISSOES                      0000000000303209B9-PREMIACAO                      000000000017881                                                                        
3410001300008E   2310-INSS                           000000000014566320-VALE-TRANSPORTE                000000000009304977-DESCONTO VALE REFEICAO         000000000002875                                                                        
3410001300008F                                                                                                                                                                                                                                  
3410001300009A00000034101338 000000083457 3MARIA ELISANGELA DA MOTA      001030              04032024REA000000000000000000000000219648                    00000000000000000000000                    00000000002418804321            0          
3410001300009D   022024001010         001030         GERENTE DE LOJA                               00004400000000025276000000000002022000000000026364300000000004399500000000021964800000000024392500000000020716300000000025276000             
3410001300009E   1011-SALARIO-BASE                   000000000243925030-COMISSOES                      000000000007616049-DESCANSO SEMANAL REMUNERAD     0000000000012199B9-PREMIACAO                      000000000010883                      
3410001300009E   2310-INSS                           00000000002063099R-PLANO DE SAUDE - TITULAR       00000000001770399V-PLANO DE SAUDE - COPARTICI     0000000000031009AW-PLANO ODONTOLOGICO - TITUL     000000000002562                      
3410001300009F                                                                                                                                                                                                                                  
3410001300010A00000034101338 000000083267 6ROBSON ELY SAMPAIO DE LIMA    001169              04032024REA000000000000000000000000253334                    00000000000000000000000                    00000000002067643320            0          
3410001300010D   022024001010         001169         CONSULTOR (A) DE VENDAS                       01004400000000023555200000000001884400000000028856800000000003523400000000025333400000000015506000000000023208800000000023555200             
3410001300010E   1011-SALARIO-BASE                   000000000155060030-COMISSOES                      000000000069390049-DESCANSO SEMANAL REMUNERAD     0000000000111029B9-PREMIACAO                      000000000053016                      
3410001300010E   2310-INSS                           000000000019081320-VALE-TRANSPORTE                000000000009304977-DESCONTO VALE REFEICAO         0000000000017259AW-PLANO ODONTOLOGICO - TITUL     000000000002562                      
3410001300010E   29AX-PLANO ODONTOLOGICO - DEPEN     000000000002562                                                                                                                                                                            
3410001300010F                                                                                                                                                                                                                                  
3410001300011A00000034101498 000000068920 5RAFAEL MONTEIRO DE SOUSA      001023              04032024REA000000000000000000000000254698                    00000000000000000000000                    00000000067172750306            0          
3410001300011D   022024001010         001023         GERENTE DE LOJA                               00004400000000026885300000000002150800000000027684200000000002214400000000025469800000000024392500000000022036200000000026885300             
3410001300011E   1011-SALARIO-BASE                   000000000243925030-COMISSOES                      000000000021490049-DESCANSO SEMANAL REMUNERAD     0000000000034389B9-PREMIACAO                      000000000007989                      
3410001300011E   2310-INSS                           000000000022144                                                                                                                                                                            
3410001300011F                                                                                                                                                                                                                                  
3410001300012A00000034101338 000000083526 5JOAO HERBERT ROCHA SALVIANO   000800              04032024REA000000000000000000000000261706                    00000000000000000000000                    00000000005679266300            0          
3410001300012D   022024001010         000800         GERENTE GERAL                                 01004400000000034285900000000002742800000000036553000000000010382400000000026170600000000032727900000000029726200000000034285900             
3410001300012E   1011-SALARIO-BASE                   000000000327279030-COMISSOES                      000000000013431049-DESCANSO SEMANAL REMUNERAD     0000000000021499B9-PREMIACAO                      000000000010883                      
3410001300012E   19BE-REEMBOLDO DE PLANO DE SAUD     000000000011788                                                                                                                                                                            
3410001300012E   2310-INSS                           000000000031024311-IRRF                           00000000000644599R-PLANO DE SAUDE - TITULAR       00000000001178899S-PLANO DE SAUDE - DEPENDENT     000000000034966                      
3410001300012E   299V-PLANO DE SAUDE - COPARTICI     0000000000144779AW-PLANO ODONTOLOGICO - TITUL     0000000000025629AX-PLANO ODONTOLOGICO - DEPEN     000000000002562                                                                        
3410001300012F                                                                                                                                                                                                                                  
3410001300013A00000034101338 000000084034 9FABIA KELVIA DE CASTRO DANTAS 001129              04032024REA000000000000000000000000376730                    00000000000000000000000                    00000000000674793323            0          
3410001300013D   022024001010         001129         VENDEDOR                                      02004400000000025549800000000002043900000000043939000000000006266000000000037673000000000015506000000000038059600000000025549800             
3410001300013E   1011-SALARIO-BASE                   000000000155060030-COMISSOES                      0000000001004389B9-PREMIACAO                      000000000183892                                                                        
3410001300013E   2310-INSS                           000000000020876311-IRRF                           000000000019357320-VALE-TRANSPORTE                000000000009304977-DESCONTO VALE REFEICAO         000000000002875                      
3410001300013E   29AW-PLANO ODONTOLOGICO - TITUL     0000000000025629AX-PLANO ODONTOLOGICO - DEPEN     000000000007686                                                                                                                          
3410001300013F                                                                                                                                                                                                                                  
34100015         000073000000000002387169000000000000000000                                                                                                                                                                                     
34199999         000001000075                                                                                                                                                                                                                   
