34100000      081208143291000189                    08373 000000014383 6D S TECNOLOGIA COMERCIO E SERVITAU                                    10103202416443800000000000000                                                                     
34100011C3001040 208143291000189                    08373 000000014383 6D S TECNOLOGIA COMERCIO E SERV01                                      AV SANTOS DUMONT              03131218LJ219LJ220LJFORTALEZA           60150165CE                  
3410001300001A00000034106593 000000048217 4ANA CAROLINA LIMA CARNEIRO    001446              04032024REA000000000000000000000000126481                    00000000000000000000000                    00000000034479417826            0          
3410001300001D   022024001009         001446         VENDEDOR                                      00004400000000015506000000000001240400000000017666000000000005017900000000012648100000000015506000000000009858000000000015506000             
3410001300001E   1011-SALARIO-BASE                   0000000001550609BC-ADIANTAMENTO VTE               000000000021600                                                                                                                          
3410001300001E   2310-INSS                           000000000011837320-VALE-TRANSPORTE                000000000009304977-DESCONTO VALE REFEICAO         0000000000074389BB-COMPENSACAO VTE                000000000021600                      
3410001300001F                                                                                                                                                                                                                                  
3410001300002A00000034105854 000000011331 2BRUNO ALVES DE PAULO          001394              04032024REA000000000000000000000000138761                    00000000000000000000000                    00000000003882738367            0          
3410001300002D   022024001009         001394         CONSULTOR (A) DE VENDAS                       01013600000000015506000000000001240400000000016155200000000002279100000000013876100000000015506000000000009886800000000015506000             
3410001300002E   1010-SALARIO-FAMILIA                000000000006204011-SALARIO-BASE                   0000000001550609B9-PREMIACAO                      000000000000288                                                                        
3410001300002E   2310-INSS                           000000000011837320-VALE-TRANSPORTE                000000000009304977-DESCONTO VALE REFEICAO         000000000001650                                                                        
3410001300002F                                                                                                                                                                                                                                  
3410001300003A00000034101338 000000094467 9JARDEL FERNANDO ROCHA MALVEIRA001417              04032024REA000000000000000000000000141069                    00000000000000000000000                    00000000000578974339            0          
3410001300003D   022024001009         001417         VENDEDOR                                      00004400000000015764300000000001261100000000016531700000000002424800000000014106900000000015506000000000010883700000000015764300             
3410001300003E   1011-SALARIO-BASE                   000000000155060030-COMISSOES                      0000000000025839B9-PREMIACAO                      000000000007674                                                                        
3410001300003E   2310-INSS                           000000000012069320-VALE-TRANSPORTE                000000000009304977-DESCONTO VALE REFEICAO         000000000002875                                                                        
3410001300003F                                                                                                                                                                                                                                  
3410001300004A00000034101338 000000090746 0KARINE SONARIA CRISTINO LIMA  001333              04032024REA000000000000000000000000145128                    00000000000000000000000                    00000000001454786370            0          
3410001300004D   022024001009         001333         CONSULTOR (A) DE VENDAS                       01013600000000015885800000000001270800000000016833600000000002320800000000014512800000000015506000000000010565200000000015885800             
3410001300004E   1010-SALARIO-FAMILIA                000000000006204011-SALARIO-BASE                   000000000155060030-COMISSOES                      000000000003274049-DESCANSO SEMANAL REMUNERAD     000000000000524                      
3410001300004E   19B9-PREMIACAO                      000000000003274                                                                                                                                                                            
3410001300004E   2310-INSS                           000000000012179320-VALE-TRANSPORTE                000000000009304977-DESCONTO VALE REFEICAO         000000000001725                                                                        
3410001300004F                                                                                                                                                                                                                                  
3410001300005A00000034106593 000000015475 7VANESSA TAVARES DA SILVA      001395              04032024REA000000000000000000000000160663                    00000000000000000000000                    00000000001810231302            0          
3410001300005D   022024001009         001395         CAIXA                                         01014400000000017056600000000001364500000000017677000000000001610700000000016066300000000015506000000000011408600000000017056600             
3410001300005E   1010-SALARIO-FAMILIA                000000000006204011-SALARIO-BASE                   000000000155060041-QUEBRA DE CAIXA                000000000015506                                                                        
3410001300005E   2310-INSS                           000000000013232977-DESCONTO VALE REFEICAO         000000000002875                                                                                                                          
3410001300005F                                                                                                                                                                                                                                  
3410001300006A00000034107366 000000070025 5NAELITON RIBEIRO DE MENDONCA F001447              04032024REA000000000000000000000000163223                    00000000000000000000000                    00000000004571166338            0          
3410001300006D   022024001009         001447         VENDEDOR                                      00004400000000015506000000000001240400000000017506000000000001183700000000016322300000000015506000000000009858000000000015506000             
3410001300006E   1011-SALARIO-BASE                   00000000015506099E-AJUDA DE CUSTO                 000000000020000                                                                                                                          
3410001300006E   2310-INSS                           000000000011837                                                                                                                                                                            
3410001300006F                                                                                                                                                                                                                                  
3410001300007A00000034107410 000000029662 3ANA CARLA SILVA DE OLIVEIRA   001400              04032024REA000000000000000000000000176268                    00000000000000000000000                    00000000002882741308            0          
3410001300007D   022024001009         001400         VENDEDOR                                      02013600000000018755200000000001500400000000020320800000000002694000000000017626800000000015506000000000014672800000000018755200             
3410001300007E   1011-SALARIO-BASE                   000000000155060030-COMISSOES                      0000000000324929B9-PREMIACAO                      000000000015656                                                                        
3410001300007E   2310-INSS                           000000000014761320-VALE-TRANSPORTE                000000000009304977-DESCONTO VALE REFEICAO         000000000002875                                                                        
3410001300007F                                                                                                                                                                                                                                  
3410001300008A00000034101338 000000086282 2EFIGENIA DE QUEIROZ MARTINS   001275              04032024REA000000000000000000000000270705                    00000000000000000000000                    00000000001521202389            0          
3410001300008D   022024001009         001275         GERENTE GERAL                                 00004400000000032727900000000002618200000000032727900000000005657400000000027070500000000032727900000000027079900000000032727900             
3410001300008E   1011-SALARIO-BASE                   000000000327279                                                                                                                                                                            
3410001300008E   2310-INSS                           000000000029155311-IRRF                           00000000000336699R-PLANO DE SAUDE - TITULAR       0000000000214919AW-PLANO ODONTOLOGICO - TITUL     000000000002562                      
3410001300008F                                                                                                                                                                                                                                  
34100015         000043000000000001322298000000000000000000                                                                                                                                                                                     
34199999         000001000045                                                                                                                                                                                                                   
